@book{snowcrash,
    author={Neal Stephenson},
    title={Snow Crash},
    publisher={Bantam Books},
    year={1992},
}
@book{neuromancer,
    author={William Gibson},
    title={Neuromancer},
    publisher={Ace},
    year={1984},
}
@book{frenchdispatch,
  author={Wes Anderson},
  title={The French Dispatch},
  publisher={Searchlight Pictures},
  year={2021},
}
