@article{euler1741solutio,
  title={Solutio problematis ad geometriam situs pertinentis},
  author={Euler, Leonhard},
  journal={Commentarii academiae scientiarum Petropolitanae},
  volume={8},
  pages={128--140},
  year={1741}
}
@article{euler1759force,
  title={Sur la force des colonnes},
  author={Euler, Leonhard},
  journal={Mem. Acad., Berlin},
  volume={13},
  pages={1759},
  year={1759}
}
@article{euler1775meditationes,
  title={Meditationes circa singulare serierum genus},
  author={Euler, Leonhard},
  journal={Novi Comm. Acad. Sci. Petropol},
  volume={20},
  number={1775},
  pages={140--186},
  year={1775}
}
@article {SelfPromotion,
    AUTHOR = {Mendes, Anthony and Lindbloom-Airey, Sam},
     TITLE = {Position sequences and a {$q$}-analogue for the modular hook
              length formula},
   JOURNAL = {Electron. J. Combin.},
  FJOURNAL = {Electronic Journal of Combinatorics},
    VOLUME = {26},
      YEAR = {2019},
    NUMBER = {4},
     PAGES = {Paper 4.18, 17},
   MRCLASS = {05E10 (05E05 20C30)},
  MRNUMBER = {4025422},
}